% Encoding: UTF-8
@article{MHL+04,
  title={Flow Clustering Using Machine Learning Techniques},
  author={A. {McGregor} and M. {Hall} and P. {Lorier} and J. {Brunskill}},
  journal={Passive and Active Network Measurement},
  volume={3015},
  pages={205–214},
  publisher={Springer},
  year={2004},
  DOI={10.1007/978-3-540-24668-8_21},
}
@article{NA08,
  title={A survey of techniques for internet traffic classification using machine learning},
  author={H.T. {Nguyen} and G. {Armitage}},
  journal={IEEE Communications Surveys \& Tutorials},
  volume={10},
  number={4},
  pages={56–76},
  year={2008},
  DOI={10.1109/SURV.2008.080406},
}
@article{KPF05,
  title={BLINC: Multilevel Traffic Classification in the Dark},
  author={T. {Karagiannis} and K. {Papagiannaki} and M. {Faloutsos}},
  journal={SIGCOMM Computer Communications Review 35.4},
  pages={229–240},
  year={2005},
  DOI={10.1145/1090191.1080119},
}
@article{Iglesias2015,
  title={Analysis of network traffic features for anomaly detection},
  author={F. {Iglesias} and T. {Zseby}},
  journal={Machine Learning},
  pages={59–84},
  year={2015},
  DOI={10.1007/s10994-014-5473-9},
}
@article{Morichetta_2019,
  title={EXPLAIN-IT: Towards Explainable AI for Unsupervised Network Traffic Analysis},
  author={A. {Morichetta} and P. {Casas} and M. {Mellia}},
  journal={Proceedings of the 3rd ACM CoNEXT Workshop on Big Data, Machine Learning and Artificial Intelligence for Data Communication Networks - Big-DAMA ’19},
  publisher={ACM Press},
  year={2019},
  DOI={10.1145/3359992.3366639},
}
@article{Alconzo_2019,
  title={A Survey on Big Data for Network Traffic Monitoring and Analysis},
  author={A. {D’Alconzo} and I. {Drago} and A. {Morichetta} and M. {Mellia} and P. {Casas}},
  journal={IEEE Transactions on Network and Service Management},
  volume={16},
  number={3},
  pages={800-813},
  year={2019},
  DOI={10.1109/TNSM.2019.2933358},
}
@article{Ribeiro_2016,
  title={Why Should I Trust You?: Explaining the Predictions of Any Classifier},
  author={M. T. {Ribeiro} and S. {Singh} and C. {Guestrin}},
  publisher={Association for Computing Machinery},
  booktitle={Proceedings of the 22nd ACM SIGKDD International Conference on Knowledge Discovery and Data Mining},
  pages={1135–1144},
  year={2016},
  DOI={10.1145/2939672.2939778},
}
@article{Iglesias_2019, % (de pago)
  title={Absolute Cluster Validity},
  author={F. {Iglesias} and T. {Zseby} and A. {Zimek}},
  journal={IEEE Transactions on Pattern Analysis and Machine Intelligence},
  year={2019},
  DOI={10.1109/TPAMI.2019.2912970},
}
@article{Boutaba_2018,
  title={A Comprehensive Survey on Machine Learning for Networking: Evolution, Applications and Research Opportunities},
  journal={Journal of Internet Services and Applications},
  author={R. {Boutaba} and M. {Salahuddin} and N. {Limam} and S. {Ayoubi} and N. {Shahriar} and F. {Estrada-Solano}and O. {Caicedo Rendon}},
  volume={9},
  year={2018},
  DOI={10.1186/s13174-018-0087-2},
}
@article{JSW+06,
% The data classification is performed by an improved nearest neighbor (INN) method. A powerful clustering-based method is presented for the unsupervised intrusion detection (CBUID)
  title={A clustering-based method for unsupervised intrusion detections},
  author={S. {Jiang} and X. {Song} and H. {Wang} and J.J. {Han} and Q.H. {Li}},
  journal={Pattern Recognition Letters},
  volume={27},
  pages={802-810},
  year={2006},
  DOI={10.1016/j.patrec.2005.11.007},
}
@article{GarciaTeodoro_2009,
  title={Anomaly-based network intrusion detection: Techniques, systems and challenges},
  author={P. {García-Teodoro} and J. {Díaz-Verdejo} and G. {Maciá-Fernández} and E. {Vázquez}},
  journal={Computers \& Security},
  volume={28},
  pages={18-28},
  year={2009},
  DOI={10.1016/j.cose.2008.08.003},
}
@article{Portnoy_2000,
  title={Intrusion Detection with Unlabeled Data Using Clustering},
  author={L. {Portnoy}},
  year={2000},
  DOI={10.7916/D8MP5904},
}
@article{Bhuyan_2014,
  title={Network Anomaly Detection: Methods, Systems and Tools},
  author={M. H. {Bhuyan} and D. K. {Bhattacharyya} and J. K. {Kalita}},  journal={IEEE Communications Surveys \& Tutorials},
  volume={16},
  number={1},
  pages={303-336},
  year={2014},
  DOI={10.1109/SURV.2013.052213.00046},
}
@article{Kim_2018,
  title={Multivariate network traffic analysis using clustered patterns},
  author={J. {Kim} and A. {Sim} and B. {Tierney} and S. {Suh} and I. {Kim}},
  journal={Computing},
  volume={101},
  year={2018},
  DOI={10.1007/s00607-018-0619-4},
}
@inproceedings{Leung_2005,
  title={Unsupervised Anomaly Detection in Network Intrusion Detection Using Clusters},
  author={K. {Leung} and C. {Leckie}},
  journal={Proceedings of the Twenty-eighth Australasian Conference on Computer Science},
  pages={333–342},
  year={2005},
  ISBN={1920682201},
}
@article{SPW12,
  title={Unsupervised clustering approach for network anomaly detection},
  author={I. {Syarif} and A. {Prugel-Bennett} and G. {Wills}},
  year={2012},
  DOI={10.1007/978-3-642-30507-8_7},
}
@Inbook{Simon_1983,
  title={Why Should Machines Learn?},
  author={S {Herbert}},
  bookTitle={Machine Learning: An Artificial Intelligence Approach},
  publisher={Springer Berlin Heidelberg},
  pages={25--37},
  year={1983},
  ISBN={978-3-662-12405-5},
  DOI={10.1007/978-3-662-12405-5_2},
}
@article{Dainotti_2012,
  title={Issues and future directions in traffic classification},
  author={A. {Dainotti} and A. {Pescape} and K. C. {Claffy}},
  journal={IEEE Network},
  volume={26},
  number={1},
  pages={35-40},
  year={2012},
  DOI={10.1109/MNET.2012.6135854},
}
@inproceedings{Bohara_2016,
  author={A. {Bohara} and U. {Thakore} and W. {Sanders}},
  title={Intrusion Detection in Enterprise Systems by Combining and Clustering Diverse Monitor Data},
  booktitle={Proceedings of the Symposium and Bootcamp on the Science of Security},
  pages={7–16},
  year={2016},
  ISBN={9781450342773},
  DOI={10.1145/2898375.2898400},
}
